<record xmlns="http://www.openarchives.org/OAI/2.0/" xmlns:xsi="http://www.w3.org/2001/XMLSchema-instance"><header><identifier>oai:alma.34CSIC_INST:9917880700304201</identifier><datestamp>2020-03-05T10:57:15Z</datestamp><setSpec>manuscripta</setSpec></header><metadata><record xmlns="http://www.loc.gov/MARC21/slim" xmlns:xsi="http://www.w3.org/2001/XMLSchema-instance" xsi:schemaLocation="http://www.loc.gov/MARC21/slim http://www.loc.gov/standards/marcxml/schema/MARC21slim.xsd"><leader>04580ntm a2200385 i 4500</leader><controlfield tag="005">20200305114311.0</controlfield><controlfield tag="008">101028s1492    sp            000 0 ara d</controlfield><controlfield tag="001">9917880700304201</controlfield><datafield tag="035" ind1=" " ind2=" "><subfield code="a">CSIC9917880700304201</subfield></datafield><datafield tag="035" ind1=" " ind2=" "><subfield code="a">(OCoLC)1123894460</subfield></datafield><datafield tag="040" ind1=" " ind2=" "><subfield code="a">ES-MaCSI</subfield><subfield code="b">spa</subfield></datafield><datafield tag="245" ind1="1" ind2="0"><subfield code="a">Compraventa de una finca agrícola (faddān), que linda al este con la Acequia Gorda (Granada o Baza)</subfield><subfield code="h">[Manuscrito]</subfield></datafield><datafield tag="260" ind1=" " ind2=" "><subfield code="a">[¿Granada?]  [¿Baza?],.,</subfield><subfield code="c">897 [1492].</subfield></datafield><datafield tag="300" ind1=" " ind2=" "><subfield code="a">1  f.</subfield><subfield code="c">16,5 X 15 cm.</subfield></datafield><datafield tag="490" ind1="1" ind2=" "><subfield code="a">Manuscripta</subfield></datafield><datafield tag="500" ind1=" " ind2=" "><subfield code="a">Se encontraba en una carpeta con el título Antigua Colección "Luque", dentro de una carpetilla donde está escrito: Universidad B. Antigua Colección "Luque" nos. 11, 71, 91, 95 y 107</subfield></datafield><datafield tag="518" ind1=" " ind2=" "><subfield code="a">2 de raŷab de 897 / 30 de abril de 1492</subfield></datafield><datafield tag="546" ind1=" " ind2=" "><subfield code="a">Arabe</subfield><subfield code="b">Escritura magrebí cursiva</subfield></datafield><datafield tag="505" ind1="2" ind2=" "><subfield code="a">El documento es acéfalo, pero se conoce el nombre de la madre del comprador, ʻĀ’iša bt. ʻĀmir al-Qalāṣī, quien al final del documento da su consentimiento a la compra de su hijo. El documento tiene en el margen derecho una anotación en romance, en letra cortesana.</subfield></datafield><datafield tag="505" ind1="1" ind2=" "><subfield code="a">Fragmento de un folio</subfield></datafield><datafield tag="500" ind1=" " ind2=" "><subfield code="a">أوله : faltan las primeras líneas</subfield></datafield><datafield tag="500" ind1=" " ind2=" "><subfield code="a">آخره :  وبذلك خلص للمشتري لها تملك الفدان المذكور خلوصا تاما على السنة والمرجع بالدرك وبعد النطر والتقليب والرضى وعرفا قدره واشهدا بذلك من عرفهما بحال صحة وجواز في الثاثي لرجب الفرد المبارك عام سبعة وتسعين وثماني مائة وحضرت ام البايع عايشة بنت عامر القلاصي وسلمت في بيع الفدان المذكور بما ذكر من الثمن التسليم التام وفي تاريخه والاشهاد [...]</subfield></datafield><datafield tag="500" ind1=" " ind2=" "><subfield code="a">Material: Papel</subfield></datafield><datafield tag="500" ind1=" " ind2=" "><subfield code="a">Tinta: Negra</subfield></datafield><datafield tag="541" ind1=" " ind2=" "><subfield code="a">Procedencia: desconocida</subfield></datafield><datafield tag="500" ind1=" " ind2=" "><subfield code="a">En el verso: 11 - Luque</subfield></datafield><datafield tag="583" ind1=" " ind2=" "><subfield code="a">Catalogación de María Dolores Rodríguez (UGR) y Amalia Zomeño (ILC, CSIC) en el marco del proyecto de investigación "La Granada nazarí en el siglo XV: microhistoria de una entidad islámica en Occidente" (FFI2016-79252-P), AEI/FEDER, EU, dirigido desde la Escuela de Estudios Árabes</subfield></datafield><datafield tag="650" ind1=" " ind2="7"><subfield code="a">Contratos</subfield><subfield code="z">Granada (Reino)</subfield><subfield code="y">14..</subfield><subfield code="2">CSICAU</subfield></datafield><datafield tag="650" ind1=" " ind2="7"><subfield code="a">Propiedad rústica</subfield><subfield code="z">Granada (Reino)</subfield><subfield code="y">14..</subfield><subfield code="2">CSICAU</subfield></datafield><datafield tag="650" ind1=" " ind2="7"><subfield code="a">Protocolos notariales</subfield><subfield code="z">Granada (Reino)</subfield><subfield code="y">14..</subfield><subfield code="2">CSICAU</subfield></datafield><datafield tag="650" ind1=" " ind2="7"><subfield code="a">Documentos árabes</subfield><subfield code="z">Granada (Reino)</subfield><subfield code="y">14..</subfield><subfield code="2">CSICAU</subfield></datafield><datafield tag="651" ind1=" " ind2="7"><subfield code="a">Granada (Reino)</subfield><subfield code="x">Historia</subfield><subfield code="y">14..</subfield><subfield code="v">Fuentes.</subfield><subfield code="2">CSICAU</subfield></datafield><datafield tag="773" ind1="1" ind2=" "><subfield code="w">9917876698104201</subfield><subfield code="t">Documentos árabes</subfield><subfield code="h">[Manuscrito]</subfield></datafield><datafield tag="830" ind1=" " ind2="0"><subfield code="a">Manuscripta</subfield></datafield><datafield tag="856" ind1="4" ind2="1"><subfield code="u">http://simurg.bibliotecas.csic.es/viewer/image/9917880700304201/1/</subfield><subfield code="z">Ver el documento en SIMURG, el portal de fondos digitalizados del CSIC</subfield></datafield></record></metadata></record>